%% This BibTeX bibliography file was created using BibDesk.
%% https://bibdesk.sourceforge.io/

%% Created for Davis Dunkleberger at 2023-05-09 17:14:30 -0500 


%% Saved with string encoding Unicode (UTF-8) 


@manual{hockeyR,
	author = {Daniel Morse},
	note = {R package version 1.3.1},
	title = {hockeyR: Collect and Clean Hockey Stats},
	url = {https://github.com/danmorse314/hockeyR},
	year = {2023},
	bdsk-url-1 = {https://github.com/danmorse314/hockeyR}}

@book{moneyball,
	address = {New York},
	author = {Lewis, Michael},
	isbn = {978-0393057652},
	publisher = {W. W. Norton \& Company},
	title = {Moneyball: The Art of Winning an Unfair Game},
	year = {2003}}

@book{statshot,
	address = {New York},
	author = {Vollman, Rob and Awad, Tom and Fyffe, Iain},
	isbn = {978-0670069445},
	publisher = {Viking},
	title = {Stat Shot: The Ultimate Guide to Hockey Analytics},
	year = {2016}}

@inproceedings{lehmus,
  author = {Lehmus Persson, Timmy and Kozlica, Haris and Carlsson, Niklas and Lambrix, Patrick},
  title = {Prediction of Tiers in the Ranking of Ice Hockey Players},
  booktitle = {Machine Learning and Data Mining for Sports Analytics: 7th International Workshop, {MLSA} 2020, Co-located with {ECML/PKDD} 2020, Ghent, Belgium, September 14--18, 2020, Proceedings},
  year = {2020},
  series = {Communications in Computer and Information Science},
  volume = {1258},
  pages = {89},
  publisher = {Springer},
  url = {https://doi.org/10.1007/978-3-030-61377-8_8}
}

@inproceedings{Liu,
    author = {Guiliang Liu and Oliver Schulte},
    title = {Deep Reinforcement Learning in Ice Hockey for Context-Aware Player Evaluation},
    booktitle = {Proceedings of the Twenty-Seventh International Joint Conference on Artificial Intelligence},
	year = 2018,
	month = {jul},
    publisher = {International Joint Conferences on Artificial Intelligence Organization},
	url = {https://doi.org/10.24963\%2Fijcai.2018\%2F478}
}